@book{napkin,
    booktitle = {An Infinitely Large Napkin},
	title = {An Infinitely Large Napkin},
	url = "https://venhance.github.io/napkin/Napkin.pdf",
	year = {2022},
	author = {Evan Chen},
}

@misc{lpspacestao,
	title = {245B, notes 3: $L^p$ spaces},
	url = "https://terrytao.wordpress.com/2009/01/09/245b-notes-3-lp-spaces/",
	author = {Terrence Tao},
	year = {2009}
}

@book{rising-sea,
    booktitle = {The Rising Sea: Foundations of Algebraic Geometry},
	title = {The Rising Sea: Foundations of Algebraic Geometry},
	url = "https://math.stanford.edu/~vakil/216blog/FOAGjul3123public.pdf",
	year = {2023},
	author = {Ravi Vakil},
}

@book {hartshorne,
	AUTHOR = {Hartshorne, Robin},
	TITLE = {Algebraic Geometry},
	NOTE = {Graduate Texts in Mathematics, No. 52},
	PUBLISHER = {Springer-Verlag},
	ADDRESS = {New York},
	YEAR = {1977},
	MRCLASS = {14-01},
	MRNUMBER = {0463157 (57 \#3116)},
	MRREVIEWER = {Robert Speiser},
	BOEKCODE = {14-xx},
}

@book{liu-alg-geo-ari,
	title={Algebraic Geometry and Arithmetic Curves},
	author={Liu, Qing},
	series={Oxford graduate texts in mathematics},
	url={https://books.google.com/books?id=pEGLDAEACAAJ},
	year={2006},
	publisher={Oxford University Press}
}

@book{lang-analysis,
	title={Real and Functional Analysis},
	author={Lang, Serge},
	lccn={92021208},
	series={Graduate Texts in Mathematics},
	url={https://books.google.com/books?id=KOMlBQAAQBAJ},
	year={2012},
	publisher={Springer New York}
}

@book{beautiful-endeavor,
	title = {A Beautifully Foolish Endeavour},
	author = {Hank Green},
	year = {2020},
	publisher = {Dutton Books}
}

@book{course-arithmetic,
	title={A Course in Arithmetic},
	author={Serre, Jean-Pierre},
	lccn={70190089},
	series={Graduate Texts in Mathematics},
	url={https://books.google.com/books?id=8fPTBwAAQBAJ},
	year={2012},
	publisher={Springer New York}
}

@book{scythe,
	title = {Scythe},
	series = {Arc of a Scythe},
	author = {Neal Shusterman},
	year = {2016},
	publisher = {Simon \& Schuster}
}

@book{thunderhead,
	title = {Thunderhead},
	series = {Arc of a Scythe},
	author = {Neal Shusterman},
	year = {2018},
	publisher = {Simon \& Schuster}
}

@misc{matrix,
	author = {Lana Wachowski and Lilly Wachowski},
	title = {The Matrix},
	publisher = {Warner Bros.},
	year = {1999}
}

@book{kedlaya-cft,
	title = {Notes on Class Field Theory},
	url = "https://kskedlaya.org/papers/cft-ptx.pdf",
	author = {Kiran S. Kedlaya},
	year = {2021}
}

@book{light-we-cannot-see,
	title = {All the Light We Cannot See},
	author = {Anthony Doerr},
	year = {2014},
	publisher = {Scribner}
}

@misc{one-nilsson,
	title = {One},
	url = "https://www.youtube.com/watch?v=d5ab8BOu4LE",
	author = {Harry Nilsson},
	year = {1968}
}

@book{bird-by-bird,
	title={Bird by Bird: Some Instructions on Writing and Life},
	author={Lamott, Anne},
	url={https://books.google.com/books?id=hO\_bzgEACAAJ},
	year={1995},
	publisher={Perfection Learning Corporation}
}

@book{eisenbud-comm-alg,
	title={Commutative Algebra: With a View Toward Algebraic Geometry},
	author={Eisenbud, David},
	lccn={94017351},
	series={Graduate Texts in Mathematics},
	url={https://books.google.com/books?id=Fm\_yPgZBucMC},
	year={1995},
	publisher={Springer}
}

@MISC{leinster-cat-theory,
    TITLE = {Terminology in category theory},
    AUTHOR = {Tom Leinster},
    HOWPUBLISHED = {MathOverflow},
    NOTE = {URL:https://mathoverflow.net/q/6564 (version: 2017-04-13)},
    EPRINT = {https://mathoverflow.net/q/6564},
    URL = {https://mathoverflow.net/q/6564},
	year = {2009}
}

@misc{kunu,
	title = {ku'nu},
	author = {Beth Piatote}
}

@misc{cha-cha-slide,
	title = {Cha Cha Slide},
	author = {DJ Casper},
	year = {2009},
	url = {https://www.youtube.com/watch?v=EWBLyKB9Ok8}
}

@misc{me-and-bobby-gee,
  author       = {Janis Joplin},
  title        = {Me and Bobby McGee},
  year         = {2010},
  url          = {https://www.youtube.com/watch?v=OTHRg_iSWzM},
}

@book{pugh-analysis,
	title={Real Mathematical Analysis},
	author={Charles C. Pugh},
	series={Undergraduate Texts in Mathematics},
	year={2015},
	publisher={Springer International Publishing}
}

@article{weil-functorial,
	author = {Andre Weil},
	journal = {Annals of Mathematics},
	number = {1},
	pages = {247--251},
	publisher = {Annals of Mathematics},
	title = {Correspondence},
	volume = {69},
	year = {1959}
}

@book{strength-in-stars,
	title={The Strength in Our Scars},
	author={Sparacino, Bianca},
	year={2018},
	publisher={Thought Catalog Books}
}

@MISC {ms-238203,
    TITLE = {Is the radical of a homogeneous ideal of a graded ring homogeneous?},
    AUTHOR = {Keenan Kidwell},
    HOWPUBLISHED = {Mathematics Stack Exchange},
    EPRINT = {https://math.stackexchange.com/q/238203},
    URL = {https://math.stackexchange.com/q/238203},
	year = {2012}
}

@book{one-fish-two-fish,
	title={One Fish, Two Fish, Red Fish, Blue Fish},
	author={Theodor Geisel},
	series={Beginner Books},
	year={1960},
	publisher={Beginner Books}
}

@book{english-fairy-tales,
	title={English Fairy Tales},
	author={Joseph Jacobs},
	series={English Fairy Tales},
	year={1890},
	publisher={David Nutt}
}

@book{brocker-janich-diff-top,
	title={Introduction to Differential Topology},
	author={Theodor Br{\"o}cker and Klaus J{\"a}nich},
	year={1982},
	publisher={Cambridge University Press}
}

@book{klein-elem-math-ii,
	author         = {Felix Klein},
	publisher      = {Springer Berlin, Heidelberg},
	title          = {Elementary Mathematics from a Higher Standpoint},
	year           = {2016},
	translator     = {Gert Schubring},
	volume         = {II},
}

@book{klein-elem-math-iii,
	author         = {Felix Klein},
	publisher      = {Springer Berlin, Heidelberg},
	title          = {Elementary Mathematics from a Higher Standpoint},
	year           = {2016},
	translator     = {Gert Schubring},
	volume         = {III},
}

@misc{stacks,
  author       = {The {Stacks project authors}},
  title        = {The Stacks project},
  howpublished = {\url{https://stacks.math.columbia.edu}},
  year         = {2022},
  shorthand    = {SP}
}

@book{silverman-tate,
  author         = {Joseph H. Silverman, John T. Tate},
  publisher      = {Springer International},
  title          = {Rational Points on Elliptic Curves},
  year           = {2015},
  series         = {Undergraduate Texts in Mathematics},
  edition        = {2},
}

@article{tate-conj-tate,
	title = {Endomorphisms of abelian varieties over finite fields},
	volume = {2},
	issn = {1432-1297},
	url = {https://doi.org/10.1007/BF01404549},
	doi = {10.1007/BF01404549},
	number = {2},
	journal = {Inventiones mathematicae},
	author = {Tate, John},
	month = apr,
	year = {1966},
	pages = {134--144},
}

@book{silverman,
  author         = {Joseph H. Silverman},
  publisher      = {Springer New York, NY},
  title          = {The Arithmetic of Elliptic Curves},
  year           = {2009},
  edition        = {2},
  doi            = {https://doi.org/10.1007/978-0-387-09494-6},
  series         = {Graduate Texts in Mathematics},
}

@misc{milne-av,
	author={Milne, James S.},
	title={Abelian Varieties (v2.00)},
	year={2008},
	note={Available at www.jmilne.org/math/},
	pages={166+vi}
}

@misc{milne-cm,
	author={Milne, James S.},
	title={Abelian Varieties (v0.10)},
	year={2020},
	note={Available at www.jmilne.org/math/},
	pages={108}
}

@misc{lombardo-av,
	author={Davide Lombardo},
	title={Abelian Varieties},
	year={2018},
	url          = {https://people.dm.unipi.it/lombardo/Teaching/VarietaAbeliane1718/Notes.pdf},
}

@misc{egm-av,
  author       = {Bas Edixhoven and Gerard van der Geer and Ben Moonen},
  url          = {http://van-der-geer.nl/~gerard/AV.pdf},
  title        = {Abelian Varieties},
}

@book{tate-conj-faltings,
  author         = {Gerd Faltings},
  editor         = {Gary Cornell and Joseph H. Silverman},
  publisher      = {Springer New York, NY},
  title          = {Arithmetic Geometry},
  year           = {1986},
  pages          = {9--26},
}

@misc{ross-program,
  author       = {Ross Mathematics Program},
  url          = {https://rossprogram.org/students/},
  title        = {Students},
  year         = {2022}
}

@misc{people-watching-nostalgia,
  author       = {Winston Rowntree},
  url          = {https://youtu.be/s9mfi0L6PC4?t=336},
  title        = {People Watching: Why Nostalgia Is Total Bull},
  year         = {2017}
}

@misc{milne-cft,
	author={J.S. Milne},
	title={Class Field Theory (v4.03)},
	year={2020},
	note={Available at www.jmilne.org/math/},
	pages={287+viii}
}

@book{lam-quad-forms,
  author         = {Tsit Yuen Lam},
  publisher      = {American Mathematics Society},
  title          = {Introduction to Quadratic Forms over Fields},
  year           = {2005},
  series         = {Graduate Studies in Mathematics},
}

@book{davenport-mult-nt,
	author = {Davenport, Harold},
	address = {New York, NY},
	edition = {Second Edition.},
	isbn = {9781475759297},
	keywords = {Mathematical Physics and Mathematics ; Number theory},
	language = {eng},
	organization = {SpringerLink (Online service)},
	publisher = {Springer},
	series = {Graduate Texts in Mathematics},
	title = {Multiplicative number theory},
	volume = {74},
	year = {1980},
}

@book{davenport-ineqs,
	author = {Davenport, Harold},
	address = {Cambridge, UK ;},
	booktitle = {Analytic methods for Diophantine equations and Diophantine inequalities},
	edition = {2nd ed. / this edition edited and prepared for publication by T, D. Browning.},
	isbn = {0521605830},
	keywords = {Analyse diophantienne},
	language = {eng},
	lccn = {2004062101},
	publisher = {Cambridge University Press},
	series = {Cambridge mathematical library},
	title = {Analytic methods for Diophantine equations and Diophantine inequalities},
	year = {2005},
}

@book{stein-fourier-analysis,
	title={Fourier Analysis: An Introduction},
	author={Elias M. Stein and Rami Shakarchi},
	url={https://books.google.com/books?id=I6CJngEACAAJ},
	year={2003},
	publisher={Princeton University Press},
	volume={1},
}

@book{stein-complex-analysis,
	title={Complex Analysis},
	author={Elias M. Stein and Rami Shakarchi},
	year={2003},
	publisher={Princeton University Press},
	volume={2},
}

@incollection{tate-thesis,
	author={John T. Tate},
	title={Fourier Analysis in Number Fields and Hecke's Zeta-Functions},
	booktitle={Algebraic Number Theory: Proceedings of an Instructional Conference},
	editor={J. W. S. Cassels and A. Fr{\"o}hlich},
	year={2010},
	publisher={London Mathematical Society},
	edition={2}
}

@misc{tao-gamma-function,
  author       = {Terence Tao},
  url          = {https://terrytao.wordpress.com/2014/12/15/254a-supplement-3-the-gamma-function-and-the-functional-equation-optional/},
  title        = {254A, Supplement 3: The Gamma function and the functional equation (optional)},
  year         = {2014}
}

@article{mattner-diff-under-sign,
  author          = {Lutz Mattner},
  journal         = {Nieuw Archief voor Wiskunde},
  number          = {1},
  title           = {Complex differentiation under the integral},
  volume          = {2},
  year            = {2001},
  pages           = {32--35},
}

@book{serre-local-fields,
	language = {eng},
	publisher = {Springer},
	series = {Graduate Texts in Mathematics},
	title = {Local Fields},
	volume = {67},
	year = {2013},
	author = {Greenberg, Marvin J and Serre, Jean-Pierre},
	isbn = {9780387904245},
}

@misc{nir-complex-analysis,
  author       = {Nir Elber},
  title        = {Introduction to Complex Analysis},
  year         = {2022},
  url          = {https://dfoiler.github.io/notes/185/notes.pdf}
}

@article{rota-philosophy,
  author          = {Gian-Carlo Rota},
  journal         = {Los Alamos Science},
  number          = {12},
  title           = {Mathematics, Philosophy and Artificial Intelligence},
  year            = {1985}
}

@misc{merriam-webster-hop-skip-jump,
  author       = {Merriam-Webster},
  title        = {Hop, Skip, and Jump},
  year         = {2023},
  url          = {https://www.merriam-webster.com/dictionary/hop%2C%20skip%2C%20and%20jump},
}

@misc{the-twist,
	title = {The Twist},
	author = {Chubby Checker},
	year = {1960},
	url = {https://www.youtube.com/watch?v=HLrxaNOuHyw}
}

@article{hecke-converse,
	title = {Über die {Bestimmung} {Dirichletscher} {Reihen} durch ihre {Funktionalgleichung}},
	volume = {112},
	issn = {1432-1807},
	url = {https://doi.org/10.1007/BF01565437},
	doi = {10.1007/BF01565437},
	number = {1},
	journal = {Mathematische Annalen},
	author = {Hecke, E.},
	month = dec,
	year = {1936},
	pages = {664--699},
}

@InProceedings{cadoret-galois,
	author="Cadoret, Anna",
	editor="D{\`e}bes, Pierre
	and Emsalem, Michel
	and Romagny, Matthieu
	and Uluda{\u{g}}, A. Muhammed",
	title="Galois Categories",
	booktitle="Arithmetic and Geometry Around Galois Theory",
	year="2013",
	publisher="Springer Basel",
	address="Basel",
	pages="171--246",
}


@book{milne-alg-groups,
	place={Cambridge},
	series={Cambridge Studies in Advanced Mathematics},
	title={Algebraic Groups: The Theory of Group Schemes of Finite Type over a Field},
	DOI={10.1017/9781316711736},
	publisher={Cambridge University Press},
	author={Milne, J. S.},
	year={2017},
	collection={Cambridge Studies in Advanced Mathematics}
}

@misc{emerton-descent,
  author       = {Matthew Emerton},
  title        = {Descending Properties of Morphisms},
  url          = {http://math.stanford.edu/~conrad/216APage/handouts/fpqc.pdf},
}

@misc{elber-av,
  author       = {Nir Elber},
  title        = {Abelian Varieties},
  year         = {2022},
  url          = {https://dfoiler.github.io/notes/256A/paper.pdf},
}

@article{weil-conj,
	author = {Andr{\'e} Weil},
	title = {{Numbers of solutions of equations in finite fields}},
	volume = {55},
	journal = {Bulletin of the American Mathematical Society},
	number = {5},
	publisher = {American Mathematical Society},
	pages = {497 -- 508},
	year = {1949},
}

@misc{raskin-weil-conj,
  author       = {Sam Raskin},
  title        = {The Weil Conjectures for Curves},
  year         = {2007},
  url          = {https://math.uchicago.edu/~may/VIGRE/VIGRE2007/REUPapers/FINALFULL/Raskin.pdf},
}

@book{bump-forms,
	place={Cambridge},
	series={Cambridge Studies in Advanced Mathematics},
	title={Automorphic Forms and Representations},
	DOI={10.1017/CBO9780511609572},
	publisher={Cambridge University Press},
	author={Bump, Daniel},
	year={1997},
	collection={Cambridge Studies in Advanced Mathematics}
}

@misc{conrad-forms,
  author       = {Keith Conrad},
  title        = {Modular Forms},
  year         = {2016},
  url          = {https://ctnt-summer.math.uconn.edu/wp-content/uploads/sites/1632/2016/02/CTNTmodularforms.pdf},
}

@book{lang-alg-nt,
  author         = {Serge Lang},
  publisher      = {Springer New York, NY},
  title          = {Algebraic Number Theory},
  year           = {1994},
  series         = {Graduate Texts in Mathematics},
  edition        = {2},
}

@misc{ross-program,
  author       = {Ross Program},
  title        = {The Ross Mathematics Program},
  year         = {2023},
  url          = {https://rossprogram.org/},
}

@book{hatcher,
  address = {Cambridge},
  author = {Hatcher, Allen},
  title     = {Algebraic Topology},
  year = {2001}
}

@book{marker,
  title={Model Theory : An Introduction},
  author={Marker, D.},
  isbn={9780387987606},
  lccn={02024184},
  series={Graduate Texts in Mathematics},
  url={https://books.google.com/books?id=QieAHk--GCcC},
  year={2002},
  publisher={Springer New York}
}

@misc{conrad-e-trans,
  author       = {Keith Conrad},
  title        = {Transcendence of $e$},
  url          = {https://kconrad.math.uconn.edu/blurbs/analysis/transcendence-e.pdf},
}

@book{hardy-wright,
  author = {Hardy, G. H. and Wright, E. M.},
  publisher = {Oxford},
  title = {An Introduction to the Theory of Numbers},
  year = {1975}
}

@article{olds-cf-e,
 ISSN = {00029890, 19300972},
 URL = {http://www.jstor.org/stable/2318113},
 author = {C. D. Olds},
 journal = {The American Mathematical Monthly},
 number = {9},
 pages = {968--974},
 publisher = {Mathematical Association of America},
 title = {The Simple Continued Fraction Expansion of e},
 urldate = {2023-08-26},
 volume = {77},
 year = {1970}
}

@article{pell-lenstra,
  author          = {H. W. Lenstra Jr.},
  journal         = {Notices of the AMS},
  number          = {2},
  title           = {Solving the Pell Equation},
  volume          = {49},
  year            = {2002},
  url             = {https://www.ams.org/notices/200202/fea-lenstra.pdf},
}

@book {Silverman2009,
    AUTHOR = {Silverman, Joseph H.},
     TITLE = {The arithmetic of elliptic curves},
    SERIES = {Graduate Texts in Mathematics},
    VOLUME = {106},
   EDITION = {Second},
 PUBLISHER = {Springer, Dordrecht},
      YEAR = {2009},
     PAGES = {xx+513},
      ISBN = {978-0-387-09493-9},
   MRCLASS = {11-02 (11G05 11G20 14H52 14K15)},
  MRNUMBER = {2514094},
MRREVIEWER = {Vasil\cprime \ \={I}.\ Andr\={\i}\u{\i}chuk},
       DOI = {10.1007/978-0-387-09494-6},
       URL = {https://doi.org/10.1007/978-0-387-09494-6},
}

@misc{EVdGM2012,
  title={Abelian varieties},
  author={Edixhoven, Bas and Van der Geer, Gerard and Moonen, Ben},
  note={Available at \url{http://van-der-geer.nl/~gerard/AV.pdf}},
  pages={331},
  year={2012}
}

@book {Hartshorne1977,
    AUTHOR = {Hartshorne, Robin},
     TITLE = {Algebraic geometry},
    SERIES = {Graduate Texts in Mathematics},
    VOLUME = {No. 52},
 PUBLISHER = {Springer-Verlag, New York-Heidelberg},
      YEAR = {1977},
     PAGES = {xvi+496},
      ISBN = {0-387-90244-9},
   MRCLASS = {14-01},
  MRNUMBER = {463157},
MRREVIEWER = {Robert\ Speiser},
}

@incollection {serre-motivic-galois,
    AUTHOR = {Serre, Jean-Pierre},
     TITLE = {Propri\'{e}t\'{e}s conjecturales des groupes de {G}alois motiviques et
              des repr\'{e}sentations {$l$}-adiques},
 BOOKTITLE = {Motives ({S}eattle, {WA}, 1991)},
    SERIES = {Proc. Sympos. Pure Math.},
    VOLUME = {55},
     PAGES = {377--400},
 PUBLISHER = {Amer. Math. Soc., Providence, RI},
      YEAR = {1994},
   MRCLASS = {11G09 (11G99 14C10 14G99)},
  MRNUMBER = {1265537},
MRREVIEWER = {Yu. G. Zarkhin},
       DOI = {10.1090/pspum/055.1/1265537},
       URL = {https://doi-org.libproxy.berkeley.edu/10.1090/pspum/055.1/1265537},
}
	
@incollection{milne-tannakian,
  author         = {P. Deligne and J.S. Milne},
  booktitle      = {Hodge Cycles, Motives, and Shimura Varieties},
  publisher      = {Springer Berlin, Heidelberg},
  title          = {Tannakian Categories},
  year           = {2012},
  series         = {Lecture Notes in Mathematics},
  volume         = {900}
}

@incollection{deligne-hodge,
  author         = {P. Deligne},
  booktitle      = {Hodge Cycles, Motives, and Shimura Varieties},
  publisher      = {Springer Berlin, Heidelberg},
  title          = {Hodge Cycles on Abelian Varieties},
  year           = {2018},
  series         = {Lecture Notes in Mathematics},
  volume         = {900}
}

@book {andre-motive,
    AUTHOR = {Andr\'{e}, Yves},
     TITLE = {Une introduction aux motifs (motifs purs, motifs mixtes,
              p\'{e}riodes)},
    SERIES = {Panoramas et Synth\`eses [Panoramas and Syntheses]},
    VOLUME = {17},
 PUBLISHER = {Soci\'{e}t\'{e} Math\'{e}matique de France, Paris},
      YEAR = {2004},
     PAGES = {xii+261},
      ISBN = {2-85629-164-3},
   MRCLASS = {14F42 (11J91 14C25 19E15)},
  MRNUMBER = {2115000},
MRREVIEWER = {Luca Barbieri Viale},
}

@article{yanai-degenerate-cm-type,
	title = {On Degenerate CM-Types},
	journal = {Journal of Number Theory},
	volume = {49},
	number = {3},
	pages = {295-303},
	year = {1994},
	issn = {0022-314X},
	doi = {https://doi.org/10.1006/jnth.1994.1095},
	url = {https://www.sciencedirect.com/science/article/pii/S0022314X8471095X},
	author = {H. Yanai},
	abstract = {We show a method of constructing degenerate CM-types. We also consider the fields of moduli for such CM-types.}
}

@book{lang-cm,
  author         = {Serge Lang},
  publisher      = {Springer New York, NY},
  title          = {Complex Multiplication},
  year           = {2011},
  edition        = {1},
}

@article{ribet-mt-av,
 ISSN = {00029327, 10806377},
 URL = {http://www.jstor.org/stable/2374267},
 author = {Kenneth A. Ribet},
 journal = {American Journal of Mathematics},
 number = {2},
 pages = {523--538},
 publisher = {Johns Hopkins University Press},
 title = {Hodge Classes on Certain Types of Abelian Varieties},
 urldate = {2024-07-10},
 volume = {105},
 year = {1983}
}

@article {kubota-cm-type,
    AUTHOR = {Kubota, Tomio},
     TITLE = {On the field extension by complex multiplication},
   JOURNAL = {Trans. Amer. Math. Soc.},
  FJOURNAL = {Transactions of the American Mathematical Society},
    VOLUME = {118},
      YEAR = {1965},
     PAGES = {113--122},
      ISSN = {0002-9947,1088-6850},
   MRCLASS = {10.68 (14.51)},
  MRNUMBER = {190144},
       DOI = {10.2307/1993947},
       URL = {https://doi.org/10.2307/1993947},
}

@book{washington-cyclotomic-field,
  author         = {Washington, Lawrence C.},
  series         = {Graduate Texts in Mathematics},
  publisher      = {Springer New York, NY},
  title          = {Introduction to Cyclotomic Fields},
  year           = {2012},
  edition        = {2},
}

@article{goodson-fermat-av-degeneracy,
	author = {Heidi Goodson},
	title = {An Exploration of Degeneracy in Abelian Varieties of Fermat Type},
	journal = {Experimental Mathematics},
	volume = {0},
	number = {0},
	pages = {1--17},
	year = {2024},
	publisher = {Taylor \& Francis},
	doi = {10.1080/10586458.2024.2362953},
}

@article {milne-lefschetz-group,
    AUTHOR = {Milne, J. S.},
     TITLE = {Lefschetz classes on abelian varieties},
   JOURNAL = {Duke Math. J.},
  FJOURNAL = {Duke Mathematical Journal},
    VOLUME = {96},
      YEAR = {1999},
    NUMBER = {3},
     PAGES = {639--675},
      ISSN = {0012-7094},
   MRCLASS = {14C25 (11G10 14C30 14K05)},
  MRNUMBER = {1671217},
MRREVIEWER = {Fumio Hazama},
       DOI = {10.1215/S0012-7094-99-09620-5},
       URL = {https://doi-org.libproxy.berkeley.edu/10.1215/S0012-7094-99-09620-5},
}

@article {noot-neat-class,
    AUTHOR = {Noot, Rutger},
     TITLE = {Classe de conjugaison du {F}robenius d'une vari\'{e}t\'{e} ab\'{e}lienne
              sur un corps de nombres},
   JOURNAL = {J. Lond. Math. Soc. (2)},
  FJOURNAL = {Journal of the London Mathematical Society. Second Series},
    VOLUME = {79},
      YEAR = {2009},
    NUMBER = {1},
     PAGES = {53--71},
      ISSN = {0024-6107},
   MRCLASS = {14K15 (11G10 14F30)},
  MRNUMBER = {2472133},
MRREVIEWER = {Adrian Vasiu},
       DOI = {10.1112/jlms/jdn049},
       URL = {https://doi-org.libproxy.berkeley.edu/10.1112/jlms/jdn049},
}

@article{dhillon-cat-rep-theory,
	author = {Dhillon, Gurbir},
	year = {2022},
	month = {08},
	pages = {},
	title = {An Informal Introduction to Categorical Representation Theory and the Local Geometric Langlands Program},
	volume = {102},
	journal = {Journal of the Indian Institute of Science},
	doi = {10.1007/s41745-022-00310-3}
}

@article {otsubo-fermat,
    AUTHOR = {Otsubo, Noriyuki},
     TITLE = {Homology of the {F}ermat tower and universal measures for
              {J}acobi sums},
   JOURNAL = {Canad. Math. Bull.},
  FJOURNAL = {Canadian Mathematical Bulletin. Bulletin Canadien de
              Math\'{e}matiques},
    VOLUME = {59},
      YEAR = {2016},
    NUMBER = {3},
     PAGES = {624--640},
      ISSN = {0008-4395},
   MRCLASS = {11S80 (11G15 11R18)},
  MRNUMBER = {3563744},
MRREVIEWER = {Th\cfac{o}ng Nguy\cftil{e}n-Quang-\Dbar \cftil{o}},
       DOI = {10.4153/CMB-2016-012-0},
       URL = {https://doi.org/10.4153/CMB-2016-012-0},
}


@misc{ggl-fermat,
	title = {Monodromy groups and exceptional {Hodge} classes},
	url = {http://arxiv.org/abs/2405.20394},
	doi = {10.48550/arXiv.2405.20394},
	abstract = {Denote by \$J\_m\$ the Jacobian variety of the hyperelliptic curve defined by the affine equation \$y{\textasciicircum}2=x{\textasciicircum}m+1\$ over \${\textbackslash}mathbb\{Q\}\$, where \$m {\textbackslash}geq 3\$ is a fixed positive integer. We compute several interesting arithmetic invariants of \$J\_m\$: its decomposition up to isogeny into simple abelian varieties, the minimal field \${\textbackslash}mathbb\{Q\}({\textbackslash}operatorname\{End\}(J\_m))\$ over which its endomorphisms are defined, its connected monodromy field \${\textbackslash}mathbb\{Q\}({\textbackslash}varepsilon\_\{J\_m\})\$, and its Sato-Tate group. Currently, there is no general algorithm that computes these last two invariants. Furthermore, for large enough values of \$m\$, the abelian varieties \$J\_m\$ provide non-trivial examples of high-dimensional phenomena, such as degeneracy and the non-triviality of the extension \${\textbackslash}mathbb\{Q\}({\textbackslash}varepsilon\_\{J\_m\})/{\textbackslash}mathbb\{Q\}({\textbackslash}operatorname\{End\}(J\_m))\$. We also describe the Sato-Tate group of an abelian variety, generalizing existing results that apply only to non-degenerate varieties, and prove an extension of a well-known formula of Gross-Koblitz that relates values of the classical and \$p\$-adic gamma functions at rational arguments.},
	urldate = {2024-10-18},
	publisher = {arXiv},
	author = {Gallese, Andrea and Goodson, Heidi and Lombardo, Davide},
	month = jul,
	year = {2024},
	note = {arXiv:2405.20394},
	keywords = {Mathematics - Number Theory, Mathematics - Algebraic Geometry},
	file = {Preprint PDF:/Users/dfoiler/Zotero/storage/V6BAEMQV/Gallese et al. - 2024 - Monodromy groups and exceptional Hodge classes.pdf:application/pdf;Snapshot:/Users/dfoiler/Zotero/storage/NKMLFHAU/2405.html:text/html},
}

@misc{moonen-mumford-tate,
	title = {Notes on {Mumford}--{Tate} {Groups}},
	url = {https://www.math.ru.nl/~bmoonen/Lecturenotes/CEBnotesMT.pdf},
	urldate = {2024-10-18},
	author = {Moonen, Ben},
	year = {1999},
	file = {CEBnotesMT.pdf:/Users/dfoiler/Zotero/storage/FDYWISI6/CEBnotesMT.pdf:application/pdf},
}

@misc{lombardo-mumford-tate,
	title = {Mumford-{Tate} groups and {Hodge} classes on {Abelian} varieties of low dimension},
	url = {https://core.ac.uk/download/pdf/18603931.pdf},
	author = {Lombardo, Davide},
	year = {2013},
	file = {Full Text:/Users/dfoiler/Zotero/storage/XGPAP3Z4/Lombardo - 2013 - Mumford-Tate groups and Hodge classes on Abelian v.pdf:application/pdf},
}

@book{mumford-abelian-varieties,
	author = {Mumford, David},
	edition = {2nd ed. / with appendices by C.P. Ramanujam and Yuri Manin},
	isbn = {9780195605280},
	keywords = {Abelian varieties},
	language = {eng},
	publisher = {Published for the Tata Institute of Fundamental Research, Bombay [by] Oxford University Press},
	title = {Abelian varieties},
	year = {1974},
}

@article{ribet-galois-action-rm,
	URL = {http://www.jstor.org/stable/2373815},
	author = {Kenneth A. Ribet},
	journal = {American Journal of Mathematics},
	number = {3},
	pages = {751--804},
	publisher = {Johns Hopkins University Press},
	title = {Galois Action on Division Points of Abelian Varieties with Real Multiplications},
	urldate = {2024-11-29},
	volume = {98},
	year = {1976}
}

@article {moonen-zarhin-fourfold,
    AUTHOR = {Moonen, B. J. J. and Zarhin, Yu. G.},
     TITLE = {Hodge classes and {T}ate classes on simple abelian fourfolds},
   JOURNAL = {Duke Math. J.},
  FJOURNAL = {Duke Mathematical Journal},
    VOLUME = {77},
      YEAR = {1995},
    NUMBER = {3},
     PAGES = {553--581},
      ISSN = {0012-7094},
   MRCLASS = {14C30 (11G10 14K15)},
  MRNUMBER = {1324634},
MRREVIEWER = {Fumio Hazama},
       DOI = {10.1215/S0012-7094-95-07717-5},
       URL = {https://doi-org.libproxy.berkeley.edu/10.1215/S0012-7094-95-07717-5},
}

@article {lombardo-ell-adic-product,
    AUTHOR = {Lombardo, Davide},
     TITLE = {On the {$\ell$}-adic {G}alois representations attached to
              nonsimple abelian varieties},
   JOURNAL = {Ann. Inst. Fourier (Grenoble)},
  FJOURNAL = {Universit\'{e} de Grenoble. Annales de l'Institut Fourier},
    VOLUME = {66},
      YEAR = {2016},
    NUMBER = {3},
     PAGES = {1217--1245},
      ISSN = {0373-0956},
   MRCLASS = {11G10 (11F80 14K15)},
  MRNUMBER = {3494170},
MRREVIEWER = {Jan Nekov\'{a}\v{r}},
       DOI = {10.5802/aif.3035},
       URL = {https://doi-org.libproxy.berkeley.edu/10.5802/aif.3035},
}

@misc{moonen-mumford-tate-intro,
	title = {{AN} {INTRODUCTION} {TO} {MUMFORD}-{TATE} {GROUPS}},
	language = {en},
	author = {Moonen, Ben},
	file = {Moonen - AN INTRODUCTION TO MUMFORD-TATE GROUPS.pdf:/Users/dfoiler/Zotero/storage/MQ8TKWTU/Moonen - AN INTRODUCTION TO MUMFORD-TATE GROUPS.pdf:application/pdf},
	url = {https://www.math.ru.nl/~bmoonen/Lecturenotes/MTGps.pdf},
}

@article{yu-mumford-tate-cm,
	ISSN = {10275487, 22246851},
	URL = {http://www.jstor.org/stable/taiwjmath.19.4.1073},
	abstract = {Abstract The Mumford-Tate conjecture is first proved for CM abelian varieties by H. Pohlmann [Ann. Math., 1968]. In this note we give another proof of this result and extend it to CM motives. 2010 Mathematics Subject Classification: 11G15, 14K22. Key words and phrases: Abelian variety, Complex Multiplication, Mumford-Tate conjecture.},
	author = {Chia-Fu Yu},
	journal = {Taiwanese Journal of Mathematics},
	number = {4},
	pages = {1073--1084},
	publisher = {Mathematical Society of the Republic of China},
	title = {A NOTE ON THE MUMFORD-TATE CONJECTURE FOR CM ABELIAN VARIETIES},
	urldate = {2024-11-30},
	volume = {19},
	year = {2015}
}

@article {lombardo-non-isgo-av,
    AUTHOR = {Lombardo, Davide},
     TITLE = {Non-isogenous abelian varieties sharing the same division
              fields},
   JOURNAL = {Trans. Amer. Math. Soc.},
  FJOURNAL = {Transactions of the American Mathematical Society},
    VOLUME = {376},
      YEAR = {2023},
    NUMBER = {4},
     PAGES = {2615--2640},
      ISSN = {0002-9947},
   MRCLASS = {14K22 (11F80 11G10 14K15)},
  MRNUMBER = {4557876},
MRREVIEWER = {Francesc Bars},
       DOI = {10.1090/tran/8767},
       URL = {https://doi-org.libproxy.berkeley.edu/10.1090/tran/8767},
}

@Inbook{rosen-av-over-c,
	author="Rosen, Michael",
	editor="Cornell, Gary
	and Silverman, Joseph H.",
	title="Abelian Varieties over $\mathbb C$",
	bookTitle="Arithmetic Geometry",
	year="1986",
	publisher="Springer New York",
	address="New York, NY",
	pages="79--101",
	abstract="These lecture notes present, in outline, the theory of abelian varieties over the complex numbers. They focus mainly on the analytic side of the subject. In the first section we prove some basic results on complex tori. The second section is devoted to a discussion of isogenics. The third section (the longest) describes the necessary and sufficient conditions that a complex torus must satisfy in order to be isomorphic to an abelian variety. In the fourth section we describe the construction of the dual abelian variety and the concluding two sections discuss polarizations and the moduli space of principally polarized abelian varieties. Proofs for the most part are omitted or only sketched. Details can be found in [SW] or [L-A] (see the list of references at the end of this chapter). For the algebraic-geometric study of abelian varieties over arbitrary fields, the reader is referred to [M-AV] and to the articles of J. S. Milne in this volume.",
	isbn="978-1-4613-8655-1",
	doi="10.1007/978-1-4613-8655-1_4",
	url="https://doi.org/10.1007/978-1-4613-8655-1_4"
}

@misc{conrad-av,
  author = {Brian Conrad (notes by Tony Feng)},
  title = {Abelian Varieties},
  year = {2015},
  url = {https://virtualmath1.stanford.edu/~conrad/249CS15Page/handouts/abvarnotes.pdf},
}

@Inbook{faltings-mordell,
	author="Faltings, Gerd",
	editor="Cornell, Gary
	and Silverman, Joseph H.",
	title="Finiteness Theorems for Abelian Varieties over Number Fields",
	bookTitle="Arithmetic Geometry",
	year="1986",
	publisher="Springer New York",
	address="New York, NY",
	pages="9--26",
	isbn="978-1-4613-8655-1",
	doi="10.1007/978-1-4613-8655-1_2",
	url="https://doi.org/10.1007/978-1-4613-8655-1_2"
}

@article{tate-endomorphisms,
	title = {Endomorphisms of abelian varieties over finite fields},
	volume = {2},
	issn = {1432-1297},
	url = {https://doi.org/10.1007/BF01404549},
	doi = {10.1007/BF01404549},
	number = {2},
	journal = {Inventiones mathematicae},
	author = {Tate, John},
	month = apr,
	year = {1966},
	pages = {134--144},
}


@article{larsen-pink-l-independence,
	title = {Abelian varieties, $\ell$-adic representations, and $\ell$-independence},
	volume = {302},
	issn = {1432-1807},
	url = {https://doi.org/10.1007/BF01444508},
	doi = {10.1007/BF01444508},
	number = {1},
	journal = {Mathematische Annalen},
	author = {Larsen, M. and Pink, R.},
	month = may,
	year = {1995},
	pages = {561--579},
}

@misc{vaisu-mt-conjecture,
	title = {Some cases of the {Mumford}--{Tate} conjecture and {Shimura} varieties},
	url = {http://arxiv.org/abs/math/0212066},
	doi = {10.48550/arXiv.math/0212066},
	abstract = {We prove the Mumford--Tate conjecture for those abelian varieties over number fields whose extensions to C have attached adjoint Shimura varieties that are products of simple, adjoint Shimura varieties of certain Shimura types. In particular, we prove the conjecture for the orthogonal case (i.e., for the \$B\_n\$ and \$D\_n{\textasciicircum}R\$ Shimura types). As a main tool, we construct embeddings of Shimura varieties (whose adjoints are) of prescribed abelian type into unitary Shimura varieties of PEL type. These constructions implicitly classify the adjoints of Shimura varieties of PEL type.},
	urldate = {2024-10-24},
	publisher = {arXiv},
	author = {Vasiu, Adrian},
	month = dec,
	year = {2007},
	note = {arXiv:math/0212066},
	keywords = {Mathematics - Number Theory, Mathematics - Algebraic Geometry},
}


@article{ichikawa-alg-groups-av,
	title = {Algebraic groups associated with abelian varieties},
	volume = {289},
	issn = {1432-1807},
	url = {https://doi.org/10.1007/BF01446564},
	doi = {10.1007/BF01446564},
	language = {en},
	number = {1},
	urldate = {2024-10-18},
	journal = {Mathematische Annalen},
	author = {Ichikawa, Takashi},
	month = mar,
	year = {1991},
	keywords = {Algebraic Group, Abelian Variety},
	pages = {133--142},
}

@article{pohlmann-mumford-tate-cm,
	ISSN = {0003486X, 19398980},
	URL = {http://www.jstor.org/stable/1970570},
	author = {Henry Pohlmann},
	journal = {Annals of Mathematics},
	number = {2},
	pages = {161--180},
	publisher = {[Annals of Mathematics, Trustees of Princeton University on Behalf of the Annals of Mathematics, Mathematics Department, Princeton University]},
	title = {Algebraic Cycles on Abelian Varieties of Complex Multiplication Type},
	urldate = {2024-12-04},
	volume = {88},
	year = {1968}
}

@misc{ribet-review-of-l-adic,
	author = {Kenneth Ribet},
	url = {https://math.berkeley.edu/~ribet/Articles/mg.pdf},
	title = {Review of Abelian $\ell$-adic Representations and Elliptic Curves},
	year = {2004}
}

@book{shimura-taniyama-cm,
	author = {Shimura, Gorō and Taniyama, Yutaka},
	address = {Tokyo},
	booktitle = {Complex multiplication of Abelian varieties and its applications to number theory},
	keywords = {Groupes obéliens ; Théorie des nombres ; 31.51 algebraic geometry ; Abelsche Mannigfaltigkeit ; Komplexe Multiplikation ; Variëteiten van Abel ; Numeros Algebricos ; Arithmetical algebraic geometry ; Multiplication complexe ; Nombres Théorie des ; Variétés abéliennes ; Abelian varieties ; Number theory},
	language = {eng},
	lccn = {a  61005716},
	publisher = {Mathematical Society of Japan},
	series = {Publications of the Mathematical Society of Japan ; 6},
	title = {Complex multiplication of Abelian varieties and its applications to number theory / by Goro Shimura and ... Yutaka Taniyama.},
	year = {1961},
}


@misc{commelin-mtc-products,
	title = {The {Mumford}--{Tate} conjecture for products of abelian varieties},
	url = {http://arxiv.org/abs/1804.06840},
	abstract = {Let \$X\$ be a smooth projective variety over a finitely generated field \$K\$ of characteristic{\textasciitilde}\$0\$ and fix an embedding \$K {\textbackslash}subset {\textbackslash}mathbb\{C\}\$. The Mumford--Tate conjecture is a precise way of saying that certain extra structure on the \${\textbackslash}ell\$-adic {\textbackslash}'etale cohomology groups of{\textasciitilde}\$X\$ (namely, a Galois representation) and certain extra structure on the singular cohomology groups of{\textasciitilde}\$X\$ (namely, a Hodge structure) convey the same information. The main result of this paper says that if \$A\_1\$ and{\textasciitilde}\$A\_2\$ are abelian varieties (or abelian motives) over{\textasciitilde}\$K\$, and the Mumford--Tate conjecture holds for both{\textasciitilde}\$A\_1\$ and{\textasciitilde}\$A\_2\$, then it holds for \$A\_1 {\textbackslash}times A\_2\$. These results do not depend on the embedding \$K {\textbackslash}subset {\textbackslash}CC\$.},
	urldate = {2024-10-18},
	publisher = {arXiv},
	author = {Commelin, Johan},
	month = apr,
	year = {2018},
	note = {arXiv:1804.06840},
	keywords = {Mathematics - Algebraic Geometry},
	file = {Preprint PDF:/Users/dfoiler/Zotero/storage/ASMC5H7P/Commelin - 2018 - The Mumford--Tate conjecture for products of abeli.pdf:application/pdf;Snapshot:/Users/dfoiler/Zotero/storage/TUSPQI29/1804.html:text/html},
}


@article{murty-exceptional,
	title = {Exceptional hodge classes on certain abelian varieties},
	volume = {268},
	issn = {1432-1807},
	url = {https://doi.org/10.1007/BF01456085},
	doi = {10.1007/BF01456085},
	number = {2},
	journal = {Mathematische Annalen},
	author = {Murty, V. Kumar},
	month = jun,
	year = {1984},
	pages = {197--206},
}

@article{bk-algebraic-st,
	title = {An {Algebraic} {Sato}-{Tate} {Group} and {Sato}-{Tate} {Conjecture}},
	volume = {64},
	issn = {0022-2518},
	url = {https://www.jstor.org/stable/26315458},
	abstract = {We make explicit a construction of Serre giving a definition of an algebraic Sato-Tate group associated to an abelian variety over a number field, which is conjecturally linked to the distribution of normalized L-factors as in the usual Sato-Tate conjecture for elliptic curves. The connected part of the algebraic Sato-Tate group is closely related to the Mumford-Tate group, but the group of components carries additional arithmetic information. We then check that, in many cases where the Mumford-Tate group is completely determined by the endomorphisms of the abelian variety, the algebraic Sato-Tate group can also be described explicitly in terms of endomorphisms. In particular, we cover all abelian varieties (not necessarily absolutely simple) of dimension at most 3; this result figures prominently in the analysis of Sato-Tate groups for abelian surfaces given recently by Fité, Kedlaya, Rotger, and Sutherland.},
	number = {1},
	urldate = {2024-10-18},
	journal = {Indiana University Mathematics Journal},
	author = {Banaszak, Grzegorz and Kedlaya, Kiran S.},
	year = {2015},
	note = {Publisher: Indiana University Mathematics Department},
	pages = {245--274},
	file = {JSTOR Full Text PDF:/Users/dfoiler/Zotero/storage/3DK9LWS3/Banaszak and Kedlaya - 2015 - An Algebraic Sato-Tate Group and Sato-Tate Conject.pdf:application/pdf},
}


@incollection{sutherland-sato-tate,
	title = {Sato-{Tate} distributions},
	volume = {740},
	isbn = {978-1-4704-3784-8 978-1-4704-5629-0},
	url = {http://www.ams.org/conm/740},
	abstract = {In this expository article we explore the relationship between Galois representations, motivic L-functions, Mumford-Tate groups, and SatoTate groups, and we give an explicit formulation of the Sato-Tate conjecture for abelian varieties as an equidistribution statement relative to the Sato-Tate group. We then discuss the classiﬁcation of Sato-Tate groups of abelian varieties of dimension g ≤ 3 and compute some of the corresponding trace distributions. This article is based on a series of lectures presented at the 2016 Arizona Winter School held at the Southwest Center for Arithmetic Geometry.},
	language = {en},
	urldate = {2024-10-18},
	booktitle = {Contemporary {Mathematics}},
	publisher = {American Mathematical                     Society},
	author = {Sutherland, Andrew},
	editor = {Bucur, Alina and Zureick-Brown, David},
	year = {2019},
	doi = {10.1090/conm/740/14904},
	pages = {197--248},
	file = {Sutherland - 2019 - Sato-Tate distributions.pdf:/Users/dfoiler/Zotero/storage/PEQATA3D/Sutherland - 2019 - Sato-Tate distributions.pdf:application/pdf},
}

@book {bosch-neron-models,
    AUTHOR = {Bosch, Siegfried and L\"{u}tkebohmert, Werner and Raynaud, Michel},
     TITLE = {N\'{e}ron models},
    SERIES = {Ergebnisse der Mathematik und ihrer Grenzgebiete (3) [Results
              in Mathematics and Related Areas (3)]},
    VOLUME = {21},
 PUBLISHER = {Springer-Verlag, Berlin},
      YEAR = {1990},
     PAGES = {x+325},
      ISBN = {3-540-50587-3},
   MRCLASS = {14K15 (11G10 14L15)},
  MRNUMBER = {1045822},
MRREVIEWER = {James Milne},
       DOI = {10.1007/978-3-642-51438-8},
       URL = {https://doi.org/10.1007/978-3-642-51438-8},
}

@article {deligne-weil-1,
    AUTHOR = {Deligne, Pierre},
     TITLE = {La conjecture de {W}eil. {I}},
   JOURNAL = {Inst. Hautes \'{E}tudes Sci. Publ. Math.},
  FJOURNAL = {Institut des Hautes \'{E}tudes Scientifiques. Publications
              Math\'{e}matiques},
    NUMBER = {43},
      YEAR = {1974},
     PAGES = {273--307},
      ISSN = {0073-8301},
   MRCLASS = {14G13},
  MRNUMBER = {340258},
MRREVIEWER = {Nicholas M. Katz},
       URL = {http://www.numdam.org/item?id=PMIHES_1974__43__273_0},
}

@article {deligne-weil-2,
    AUTHOR = {Deligne, Pierre},
     TITLE = {La conjecture de {W}eil. {II}},
   JOURNAL = {Inst. Hautes \'{E}tudes Sci. Publ. Math.},
  FJOURNAL = {Institut des Hautes \'{E}tudes Scientifiques. Publications
              Math\'{e}matiques},
    NUMBER = {52},
      YEAR = {1980},
     PAGES = {137--252},
      ISSN = {0073-8301},
   MRCLASS = {14G13 (10H10)},
  MRNUMBER = {601520},
MRREVIEWER = {Spencer J. Bloch},
       URL = {http://www.numdam.org/item?id=PMIHES_1980__52__137_0},
}

@article {bgdht-potential-automorphy-2,
    AUTHOR = {Barnet-Lamb, Tom and Geraghty, David and Harris, Michael and
              Taylor, Richard},
     TITLE = {A family of {C}alabi-{Y}au varieties and potential automorphy
              {II}},
   JOURNAL = {Publ. Res. Inst. Math. Sci.},
  FJOURNAL = {Publications of the Research Institute for Mathematical
              Sciences},
    VOLUME = {47},
      YEAR = {2011},
    NUMBER = {1},
     PAGES = {29--98},
      ISSN = {0034-5318},
   MRCLASS = {11F80 (11F11 11G18 14J32)},
  MRNUMBER = {2827723},
MRREVIEWER = {Neil P. Dummigan},
       DOI = {10.2977/PRIMS/31},
       URL = {https://doi.org/10.2977/PRIMS/31},
}

@article {bgtt-potential-automorphy,
    AUTHOR = {Barnet-Lamb, Thomas and Gee, Toby and Geraghty, David and
              Taylor, Richard},
     TITLE = {Potential automorphy and change of weight},
   JOURNAL = {Ann. of Math. (2)},
  FJOURNAL = {Annals of Mathematics. Second Series},
    VOLUME = {179},
      YEAR = {2014},
    NUMBER = {2},
     PAGES = {501--609},
      ISSN = {0003-486X},
   MRCLASS = {11F33},
  MRNUMBER = {3152941},
MRREVIEWER = {Wen-Wei Li},
       DOI = {10.4007/annals.2014.179.2.3},
       URL = {https://doi.org/10.4007/annals.2014.179.2.3},
}

@article {johansson-sato-tate,
    AUTHOR = {Johansson, Christian},
     TITLE = {On the {S}ato-{T}ate conjecture for non-generic abelian
              surfaces},
      NOTE = {With an appendix by Francesc Fit\'{e}},
   JOURNAL = {Trans. Amer. Math. Soc.},
  FJOURNAL = {Transactions of the American Mathematical Society},
    VOLUME = {369},
      YEAR = {2017},
    NUMBER = {9},
     PAGES = {6303--6325},
      ISSN = {0002-9947},
   MRCLASS = {11F80 (11G10)},
  MRNUMBER = {3660222},
MRREVIEWER = {Cameron Franc},
       DOI = {10.1090/tran/6847},
       URL = {https://doi.org/10.1090/tran/6847},
}

@article {farfan-commelin-mtc-astc,
    AUTHOR = {Cantoral-Farf\'{a}n, Victoria and Commelin, Johan},
     TITLE = {The {M}umford-{T}ate conjecture implies the algebraic
              {S}ato-{T}ate conjecture of {B}anaszak and {K}edlaya},
   JOURNAL = {Indiana Univ. Math. J.},
  FJOURNAL = {Indiana University Mathematics Journal},
    VOLUME = {71},
      YEAR = {2022},
    NUMBER = {6},
     PAGES = {2595--2603},
      ISSN = {0022-2518},
   MRCLASS = {14K15 (11G10 14F42)},
  MRNUMBER = {4530050},
MRREVIEWER = {S\'{e}verin Philip},
}

@article {moonen-special-cyclic-cover,
    AUTHOR = {Moonen, Ben},
     TITLE = {Special subvarieties arising from families of cyclic covers of
              the projective line},
   JOURNAL = {Doc. Math.},
  FJOURNAL = {Documenta Mathematica},
    VOLUME = {15},
      YEAR = {2010},
     PAGES = {793--819},
      ISSN = {1431-0635},
   MRCLASS = {14H30 (14H40 14K10)},
  MRNUMBER = {2735989},
MRREVIEWER = {Francesca Vetro},
}

@inproceedings {abcmt-cyclic-cover,
    AUTHOR = {Arul, Vishal and Best, Alex J. and Costa, Edgar and Magner,
              Richard and Triantafillou, Nicholas},
     TITLE = {Computing zeta functions of cyclic covers in large
              characteristic},
 BOOKTITLE = {Proceedings of the {T}hirteenth {A}lgorithmic {N}umber
              {T}heory {S}ymposium},
    SERIES = {Open Book Ser.},
    VOLUME = {2},
     PAGES = {37--53},
 PUBLISHER = {Math. Sci. Publ., Berkeley, CA},
      YEAR = {2019},
   MRCLASS = {11G20 (11M38 11Y16 14G10 14H30 14Q05)},
  MRNUMBER = {3952003},
MRREVIEWER = {Caleb Springer},
}

@book {de-harmonic-analysis,
    AUTHOR = {Deitmar, Anton and Echterhoff, Siegfried},
     TITLE = {Principles of harmonic analysis},
    SERIES = {Universitext},
   EDITION = {Second},
 PUBLISHER = {Springer, Cham},
      YEAR = {2014},
     PAGES = {xiv+332},
      ISBN = {978-3-319-05791-0; 978-3-319-05792-7},
   MRCLASS = {43-01 (22E30 46J10 46L05)},
  MRNUMBER = {3289059},
       DOI = {10.1007/978-3-319-05792-7},
       URL = {https://doi.org/10.1007/978-3-319-05792-7},
}

@article{sen-operator,
	ISSN = {0003486X, 19398980},
	URL = {http://www.jstor.org/stable/1970879},
	author = {Shankar Sen},
	journal = {Annals of Mathematics},
	number = {1},
	pages = {160--170},
	publisher = {[Annals of Mathematics, Trustees of Princeton University on Behalf of the Annals of Mathematics, Mathematics Department, Princeton University]},
	title = {Lie Algebras of Galois Groups Arising from Hodge-Tate Modules},
	urldate = {2024-12-16},
	volume = {97},
	year = {1973}
}

@article{zarhin-hg-k3,
	url = {https://doi.org/10.1515/crll.1983.341.193},
	title = {Hodge groups of K3 surfaces.},
	title = {},
	author = {Yu.G. Zarhin},
	pages = {193--220},
	volume = {1983},
	number = {341},
	journal = {Journal für die reine und angewandte Mathematik},
	doi = {doi:10.1515/crll.1983.341.193},
	year = {1983},
	lastchecked = {2024-12-16}
}